@ARTICLE {Shorphotonics,
    author  = "A Polit and JCF Matthews and JL O'Brien",
    title   = "Shor’s quantum factoring algorithm on a photonic chip",
    journal = "Science",
    year    = "2009",
    volume  = "325",
    number  = "5945"
}

@ARTICLE {RSA78,
    author  = "R.L. Rivest and A. Shamir and L. Adleman",
    title   = "A Method for Obtaining Digital Signatures and Public-Key Cryptosystems",
    journal = "Comm. ACM",
    year    = "1978"
}

@ARTICLE {shor94,
    author  = "Peter Shor",
    title   = "Polynomial-Time Algorithms for Prime Factorization and Discrete Logarithms on a Quantum Computer",
    journal = "SIAM J. Sci. Statist. Comput. 26",
    year    = "1994",
    volume  = "1484"
}

@ARTICLE {GNFS,
    author  = "Don Coppersmith",
    title   = "Modifications to the Number Field Sieve",
    journal = "Journal of Cryptology",
    year    = "1993",
    volume  = "6",
    pages   = "169-180"
}

@ARTICLE {shorssmall,
    author  = "Yasuhiro Takahash and Noboru Kunihiro",
    title   = "A quantum circuit for shor's factoring algorithm using 2n + 2 qubits",
    journal = "Quantum Information and Computation",
    year    = "2006",
    volume  = "6",
    number  = "2",
    pages   = "184-192"
}

@ARTICLE {googlequbit,
    author   = "Arute, F. and Arya, K. and Babbush, R. and others",
    title    = "Quantum supremacy using a programmable superconducting processor",
    journal  = "Nature",
    year     = "2019",
    volume   = "574",
    pages    = "505–510",
    month    = "Oct",
    doi = {10.1038/s41586-019-1666-5}
}


@ARTICLE {NMR,
    author   = "Vandersypen, L. and Steffen, M. and Breyta, G. and others",
    title    = "Experimental realization of Shor's quantum factoring algorithm using nuclear magnetic resonance",
    journal  = "Nature",
    year     = "2001",
    volume   = "414",
    pages    = "883–887",
    month    = "Dec",
    doi = {10.1038/414883a}
}

@ARTICLE {logicgate,
    author   = "Lanyon, B. P. and Weinhold, T. J. and Langford, N. K. and Barbieri, M. and James, D. F. V. and Gilchrist, A. and White, A. G.",
    title    = "Experimental Demonstration of a Compiled Version of Shor’s Algorithm with Quantum Entanglement",
    journal  = "Phys. Rev. Lett.",
    year     = "2007",
    volume   = "99",
    number   = "25",
    pages    = "250505",
    month    = "Dec",
    doi = {10.1103/PhysRevLett.99.250505}
}

@ARTICLE {Politi,
    author  = "Alberto Politi and Jonathan C. F. Matthews and Jeremy L. O'Brien",
    title   = "Shor’s Quantum Factoring Algorithm on a Photonic Chip",
    journal = "Science",
    year    = "2009",
    volume  = "325",
    number  = "1221",
    pages   = "250505",
    month   = "Dec",
    doi     = {10.1126/science.1173731}
}

@ARTICLE {fibercomp,
    author  = "Buttler, W. T. and Hughes, R. J. and Kwiat, P. G. and Lamoreaux, S. K. and Luther, G. G. and Morgan, G. L. and Nordholt, J. E. and Peterson, C. G. and Simmons, C. M.",
    title   = "Practical Free-Space Quantum Key Distribution over 1 km",
    journal = "Phys. Rev. Lett.",
    year    = "1998",
    volume  = "81",
    number  = "15",
    pages   = "3283-3286",
    month   = "Oct",
    doi     = {10.1103/PhysRevLett.81.3283}
}

@ARTICLE {bb84paper,
    author  = "Charles Bennett and Gilles Brassard",
    title   = "Quantum cryptography: Public key distribution and coin tossing",
    journal = "Proc. IEEE Int. Conf. Computers, Systems and Signal Processing",
    year    = "1984",
    pages   = "175-179"
}

@ONLINE {bb84security,
    author = "Peter Shor and John Preskill",
    title  = "Simple Proof of Security of the BB84 Quantum Key Distribution Protocol",
    month  = "May",
    year   = "2000",
    url    = "arXiv:quant-ph/0003004"
}

@ARTICLE {metroQKD,
    author  = "Darius Bunandar and Anthony Lentine and Catherine Lee and others",
    title   = "Metropolitan Quantum Key Distribution with Silicon Photonics",
    journal = "Phy. Rev. X",
    year    = "2018",
    volume  = "8",
    number  = "021009",
    month   = "April"
}
%Hong Cai and Christopher M. Long and Nicholas Boynton and Nicholas Martinez and Christopher DeRose and Changchen Chen and Matthew Grein and Douglas Trotter and Andrew Starbuck and Andrew Pomerene and Scott Hamilton and Franco N. C. Wong and Ryan Camacho and Paul Davids and Junji Urayama and Dirk Englund


@ARTICLE {PSGC,
    author  = "Dirk Taillaert and Harold Chong and Peter I. Borel and Lars H. Frandsen and Richard M. DeLaRue and Roel Baets",
    title   = "A Compact Two-Dimensional Grating Coupler Used as a Polarization Splitter",
    journal = "IEEE Photonics Technology Letters",
    year    = "2003",
    volume  = "15",
    number  = "9",
    pages   = "1249-1251"
}

@ARTICLE {SPS,
    author  = "Llewellyn, D. and Ding, Y. and Faruque, I.I. and others",
    title   = "Chip-to-chip quantum teleportation and multi-photon entanglement in silicon",
    journal = "Nat. Phys.",
    year    = "2020",
    volume  = "16",
    pages   = "148–153",
    month   = "Dec",
    doi     = {10.1038/s41567-019-0727-x}
}

@ARTICLE {bulkoptics,
    author  = "Robert H. Hadfield",
    title   = "Single-photon detectors for optical quantum information applications",
    journal = "Nature Photonics",
    year    = "2009",
    volume  = "3",
    pages   = "696-705",
    month   = "Dec",
    doi     = {10.1038/nphoton.2009.230}
}

@ARTICLE {SNSPD,
    author  = "W.H.P. Pernice and C. Schuck, O. Minaeva and others",
    title   = "High-speed and high-efficiency travelling wave single-photon detectors embedded in nanophotonic circuits",
    journal = "Nat. Commun.",
    year    = "2012",
    volume  = "3",
    pages   = "1325",
    month   = "Dec",
    doi     = {10.1038/ncomms2307}
}